%% ----------------------------- %%
%%           Chapter 1           %%
%% ----------------------------- %%

@misc{cnnic_report_2019,
   author={中国互联网中心},
   title={第44次中国互联网发展状况统计报告},
   url={http://www.cnnic.net.cn/hlwfzyj/hlwxzbg/hlwtjbg/201908/t20190830_70800.htm},
   year={2019},
   month={08},
}

@misc{idc_report_2020,
   author={IDC},
   title={Smartphone Market Share},
   url={https://www.idc.com/promo/smartphone-/market-//share/os},
   year={2020},
   month={01},
}

@misc{extreme_news_2015,
   author={ExtremeTech},
   title={Google Throws Nearly a Billion Android Users Under the Bus, Refuses to Patch OS Vulnerability},
   url={https://www.extremetech.com/mobile/197346-google-throws-nearly-//a-billion-android-users-under-the-bus-refuses/-to-patch-os-vulnerability},
   note={2015-01-12},
   year={2015},
   month={01},
}

@inproceedings{nauman2010apex,
  title={Apex: extending android permission model and enforcement with user-defined runtime constraints},
  author={Nauman, Mohammad and Khan, Sohail and Zhang, Xinwen},
  booktitle={Proceedings of the 5th ACM symposium on information, computer and communications security},
  pages={328--332},
  year={2010}
}

@inproceedings{wang2015deepdroid,
  title={DeepDroid: Dynamically Enforcing Enterprise Policy on Android Devices.},
  author={Wang, Xueqiang and Sun, Kun and Wang, Yuewu and Jing, Jiwu},
  booktitle={Ndss},
  year={2015}
}

@misc{forbes_news_2014,
   author={Forbes},
   title={Report: 97\% Of Mobile Malware Is On Android. This Is The Easy Way You Stay Safe},
   url={https://www.forbes.com/sites/gordonkelly/2014/03/24/report-97-of-mobile-//malware-is-on-android-this-is-the-easy-way-you-stay-/safe},
   year={2014},
   month={03}
}

@inproceedings{chen2015finding,
  title={Finding unknown malice in 10 seconds: Mass vetting for new threats at the google-play scale},
  author={Chen, Kai and Wang, Peng and Lee, Yeonjoon and Wang, XiaoFeng and Zhang, Nan and Huang, Heqing and Zou, Wei and Liu, Peng},
  booktitle={24th USENIX Security Symposium (USENIX Security 15)},
  pages={659--674},
  year={2015}
}

@inproceedings{zhou2012dissecting,
  title={Dissecting android malware: Characterization and evolution},
  author={Zhou, Yajin and Jiang, Xuxian},
  booktitle={2012 IEEE symposium on security and privacy},
  pages={95--109},
  year={2012},
  organization={IEEE}
}

@inproceedings{blasing2010android,
  title={An android application sandbox system for suspicious software detection},
  author={Bl{\"a}sing, Thomas and Batyuk, Leonid and Schmidt, Aubrey-Derrick and Camtepe, Seyit Ahmet and Albayrak, Sahin},
  booktitle={2010 5th International Conference on Malicious and Unwanted Software},
  pages={55--62},
  year={2010},
  organization={IEEE}
}

@inproceedings{gibler2012androidleaks,
  title={AndroidLeaks: automatically detecting potential privacy leaks in android applications on a large scale},
  author={Gibler, Clint and Crussell, Jonathan and Erickson, Jeremy and Chen, Hao},
  booktitle={International Conference on Trust and Trustworthy Computing},
  pages={291--307},
  year={2012},
  organization={Springer}
}

@inproceedings{schutte2014appcaulk,
  title={Appcaulk: Data leak prevention by injecting targeted taint tracking into android apps},
  author={Sch{\"u}tte, Julian and Titze, Dennis and De Fuentes, Jos{\'e} Mar{\'\i}a},
  booktitle={2014 IEEE 13th International Conference on Trust, Security and Privacy in Computing and Communications},
  pages={370--379},
  year={2014},
  organization={IEEE}
}

@inproceedings{vidas2014evading,
  title={Evading android runtime analysis via sandbox detection},
  author={Vidas, Timothy and Christin, Nicolas},
  booktitle={Proceedings of the 9th ACM symposium on Information, computer and communications security},
  pages={447--458},
  year={2014}
}

@inproceedings{felt2011android,
  title={Android permissions demystified},
  author={Felt, Adrienne Porter and Chin, Erika and Hanna, Steve and Song, Dawn and Wagner, David},
  booktitle={Proceedings of the 18th ACM conference on Computer and communications security},
  pages={627--638},
  year={2011}
}

@misc{androiddev2019permission,
   author={AndroidDevelopers},
   title={Permissions overview},
   url={https://developer.android.com/guide/topics/permissions/overview},
   year={2019},
   month={12},
}

@misc{androiddev2019dashboard,
   author={AndroidDevelopers},
   title={Distribution dashboard},
   url={https://developer.android.com/about/dashboards/},
   note={2020-02-20},
   year={2020},
   month={02},
}

@article{neisse2016privacy,
  title={A privacy enforcing framework for Android applications},
  author={Neisse, Ricardo and Steri, Gary and Geneiatakis, Dimitris and Fovino, Igor Nai},
  journal={computers \& security},
  volume={62},
  pages={257--277},
  year={2016},
  publisher={Elsevier}
}

@article{kang2015detecting,
  title={Detecting and classifying android malware using static analysis along with creator information},
  author={Kang, Hyunjae and Jang, Jae-wook and Mohaisen, Aziz and Kim, Huy Kang},
  journal={International Journal of Distributed Sensor Networks},
  volume={11},
  number={6},
  pages={479174},
  year={2015},
  publisher={SAGE Publications Sage UK: London, England}
}

@inproceedings{peng2012using,
  title={Using probabilistic generative models for ranking risks of android apps},
  author={Peng, Hao and Gates, Chris and Sarma, Bhaskar and Li, Ninghui and Qi, Yuan and Potharaju, Rahul and Nita-Rotaru, Cristina and Molloy, Ian},
  booktitle={Proceedings of the 2012 ACM conference on Computer and communications security},
  pages={241--252},
  year={2012}
}

@inproceedings{enck2009lightweight,
  title={On lightweight mobile phone application certification},
  author={Enck, William and Ongtang, Machigar and McDaniel, Patrick},
  booktitle={Proceedings of the 16th ACM conference on Computer and communications security},
  pages={235--245},
  year={2009}
}

@inproceedings{sarma2012android,
  title={Android permissions: a perspective combining risks and benefits},
  author={Sarma, Bhaskar Pratim and Li, Ninghui and Gates, Chris and Potharaju, Rahul and Nita-Rotaru, Cristina and Molloy, Ian},
  booktitle={Proceedings of the 17th ACM symposium on Access Control Models and Technologies},
  pages={13--22},
  year={2012}
}

@inproceedings{christodorescu2005semantics,
  title={Semantics-aware malware detection},
  author={Christodorescu, Mihai and Jha, Somesh and Seshia, Sanjit A and Song, Dawn and Bryant, Randal E},
  booktitle={2005 IEEE Symposium on Security and Privacy (S\&P'05)},
  pages={32--46},
  year={2005},
  organization={IEEE}
}

@inproceedings{lee2010detecting,
  title={Detecting metamorphic malwares using code graphs},
  author={Lee, Jusuk and Jeong, Kyoochang and Lee, Heejo},
  booktitle={Proceedings of the 2010 ACM symposium on applied computing},
  pages={1970--1977},
  year={2010}
}

@inproceedings{suarez2017droidsieve,
  title={Droidsieve: Fast and accurate classification of obfuscated android malware},
  author={Suarez-Tangil, Guillermo and Dash, Santanu Kumar and Ahmadi, Mansour and Kinder, Johannes and Giacinto, Giorgio and Cavallaro, Lorenzo},
  booktitle={Proceedings of the Seventh ACM on Conference on Data and Application Security and Privacy},
  pages={309--320},
  year={2017}
}

@article{maiorca2015stealth,
  title={Stealth attacks: An extended insight into the obfuscation effects on android malware},
  author={Maiorca, Davide and Ariu, Davide and Corona, Igino and Aresu, Marco and Giacinto, Giorgio},
  journal={Computers \& Security},
  volume={51},
  pages={16--31},
  year={2015},
  publisher={Elsevier}
}

@article{ming2017impeding,
  title={Impeding behavior-based malware analysis via replacement attacks to malware specifications},
  author={Ming, Jiang and Xin, Zhi and Lan, Pengwei and Wu, Dinghao and Liu, Peng and Mao, Bing},
  journal={Journal of Computer Virology and Hacking Techniques},
  volume={13},
  number={3},
  pages={193--207},
  year={2017},
  publisher={Springer}
}

@article{saracino2016madam,
  title={Madam: Effective and efficient behavior-based android malware detection and prevention},
  author={Saracino, Andrea and Sgandurra, Daniele and Dini, Gianluca and Martinelli, Fabio},
  journal={IEEE Transactions on Dependable and Secure Computing},
  volume={15},
  number={1},
  pages={83--97},
  year={2016},
  publisher={IEEE}
}

@article{shabtai2012andromaly,
  title={“Andromaly”: a behavioral malware detection framework for android devices},
  author={Shabtai, Asaf and Kanonov, Uri and Elovici, Yuval and Glezer, Chanan and Weiss, Yael},
  journal={Journal of Intelligent Information Systems},
  volume={38},
  number={1},
  pages={161--190},
  year={2012},
  publisher={Springer}
}

@article{ma2012shadow,
  title={Shadow attacks: automatically evading system-call-behavior based malware detection},
  author={Ma, Weiqin and Duan, Pu and Liu, Sanmin and Gu, Guofei and Liu, Jyh-Charn},
  journal={Journal in Computer Virology},
  volume={8},
  number={1-2},
  pages={1--13},
  year={2012},
  publisher={Springer}
}

@inproceedings{forrest2008evolution,
  title={The evolution of system-call monitoring},
  author={Forrest, Stephanie and Hofmeyr, Steven and Somayaji, Anil},
  booktitle={2008 annual computer security applications conference (acsac)},
  pages={418--430},
  year={2008},
  organization={IEEE}
}

@inproceedings{srivastava2011operating,
  title={Operating system interface obfuscation and the revealing of hidden operations},
  author={Srivastava, Abhinav and Lanzi, Andrea and Giffin, Jonathon and Balzarotti, Davide},
  booktitle={International Conference on Detection of Intrusions and Malware, and Vulnerability Assessment},
  pages={214--233},
  year={2011},
  organization={Springer}
}

@inproceedings{xu2016dynamic,
  title={Dynamic android malware classification using graph-based representations},
  author={Xu, Lifan and Zhang, Dongping and Alvarez, Marco A and Morales, Jose Andre and Ma, Xudong and Cavazos, John},
  booktitle={2016 IEEE 3rd international conference on cyber security and cloud computing (CSCloud)},
  pages={220--231},
  year={2016},
  organization={IEEE}
}

@inproceedings{dash2016droidscribe,
  title={Droidscribe: Classifying android malware based on runtime behavior},
  author={Dash, Santanu Kumar and Suarez-Tangil, Guillermo and Khan, Salahuddin and Tam, Kimberly and Ahmadi, Mansour and Kinder, Johannes and Cavallaro, Lorenzo},
  booktitle={2016 IEEE Security and Privacy Workshops (SPW)},
  pages={252--261},
  year={2016},
  organization={IEEE}
}

@inproceedings{chen2016stormdroid,
  title={Stormdroid: A streaminglized machine learning-based system for detecting android malware},
  author={Chen, Sen and Xue, Minhui and Tang, Zhushou and Xu, Lihua and Zhu, Haojin},
  booktitle={Proceedings of the 11th ACM on Asia Conference on Computer and Communications Security},
  pages={377--388},
  year={2016}
}

@inproceedings{lee2017appwrapping,
  title={Appwrapping Providing Fine-Grained Security Policy Enforcement Per Method Unit in Android},
  author={Lee, Sung-Hoon and Kim, Seung-Hyun and Kim, SooHyung and Jin, Seung-Hun},
  booktitle={2017 IEEE International Symposium on Software Reliability Engineering Workshops (ISSREW)},
  pages={36--39},
  year={2017},
  organization={IEEE}
}

%% ----------------------------- %%
%%           Chapter 2           %%
%% ----------------------------- %%

@book{feng2019androidsecurity,
  author={丰生强},
  title={Android软件安全权威指南},
  publisher={电子工业出版社},
  year={2019},
  edition={2},
}

%% ----------------------------- %%
%%           Chapter 3           %%
%% ----------------------------- %%

@misc{iBotPeaches2020apktool,
  author={iBotPeaches},
  title={Apktool},
  year={2020},
  month={02},
  url={https://github.com/iBotPeaches/Apktool},
}

@misc{JesusFreke2020smali,
  author={JesusFreke},
  title={smali},
  year={2020},
  month={02},
  url={https://github.com/JesusFreke/smali},
}

@misc{androguard2020androguard,
  author={androguard},
  title={androguard},
  year={2020},
  month={01},
  url={https://github.com/androguard/androguard},
}

@misc{decaf2020project,
  author={decaf-project},
  title={Dynamic Executable Code Analysis Framework},
  year={2020},
  month={02},
  url={https://github.com/decaf-project/DECAF},
}

%% ----------------------------- %%
%%           Chapter 4           %%
%% ----------------------------- %%

@inproceedings{feng2012mobile,
  title={A mobile terminal based trajectory preserving strategy for continuous querying LBS users},
  author={Feng, Yunxia and Liu, Peng and Zhang, Jianhui},
  booktitle={2012 IEEE 8th International Conference on Distributed Computing in Sensor Systems},
  pages={92--98},
  year={2012},
  organization={IEEE}
}

@inproceedings{dwork2008differential,
  title={Differential privacy: A survey of results},
  author={Dwork, Cynthia},
  booktitle={International conference on theory and applications of models of computation},
  pages={1--19},
  year={2008},
  organization={Springer}
}

@inproceedings{smith2018differentially,
  title={Differentially private regression with Gaussian processes},
  author={Smith, Michael and {\'A}lvarez, Mauricio and Zwiessele, Max and Lawrence, Neil D},
  booktitle={International Conference on Artificial Intelligence and Statistics},
  pages={1195--1203},
  year={2018}
}

@inproceedings{snelson2006sparse,
  title={Sparse Gaussian processes using pseudo-inputs},
  author={Snelson, Edward and Ghahramani, Zoubin},
  booktitle={Advances in neural information processing systems},
  pages={1257--1264},
  year={2006}
}

@book{williams2006gaussian,
  title={Gaussian processes for machine learning},
  author={Williams, Christopher KI and Rasmussen, Carl Edward},
  volume={2},
  number={3},
  year={2006},
  publisher={MIT press Cambridge, MA}
}

@article{deisenroth2013gaussian,
  title={Gaussian processes for data-efficient learning in robotics and control},
  author={Deisenroth, Marc Peter and Fox, Dieter and Rasmussen, Carl Edward},
  journal={IEEE transactions on pattern analysis and machine intelligence},
  volume={37},
  number={2},
  pages={408--423},
  year={2013},
  publisher={IEEE}
}

@inproceedings{blum2005practical,
  title={Practical privacy: the SuLQ framework},
  author={Blum, Avrim and Dwork, Cynthia and McSherry, Frank and Nissim, Kobbi},
  booktitle={Proceedings of the twenty-fourth ACM SIGMOD-SIGACT-SIGART symposium on Principles of database systems},
  pages={128--138},
  year={2005}
}

@article{blum2013learning,
  title={A learning theory approach to noninteractive database privacy},
  author={Blum, Avrim and Ligett, Katrina and Roth, Aaron},
  journal={Journal of the ACM (JACM)},
  volume={60},
  number={2},
  pages={1--25},
  year={2013},
  publisher={ACM New York, NY, USA}
}

@article{hall2013differential,
  title={Differential privacy for functions and functional data},
  author={Hall, Rob and Rinaldo, Alessandro and Wasserman, Larry},
  journal={Journal of Machine Learning Research},
  volume={14},
  number={Feb},
  pages={703--727},
  year={2013}
}

@inproceedings{paciorek2004nonstationary,
  title={Nonstationary covariance functions for Gaussian process regression},
  author={Paciorek, Christopher J and Schervish, Mark J},
  booktitle={Advances in neural information processing systems},
  pages={273--280},
  year={2004}
}

@phdthesis{gibbs1998bayesian,
  title={Bayesian Gaussian processes for regression and classification},
  author={Gibbs, Mark N},
  year={1998},
  school={Citeseer}
}

@inproceedings{kusner2015differentially,
  title={Differentially private Bayesian optimization},
  author={Kusner, Matt and Gardner, Jacob and Garnett, Roman and Weinberger, Kilian},
  booktitle={International conference on machine learning},
  pages={918--927},
  year={2015}
}

@inproceedings{chaudhuri2013stability,
  title={A stability-based validation procedure for differentially private machine learning},
  author={Chaudhuri, Kamalika and Vinterbo, Staal A},
  booktitle={Advances in Neural Information Processing Systems},
  pages={2652--2660},
  year={2013}
}

@article{dwork2014algorithmic,
  title={The algorithmic foundations of differential privacy},
  author={Dwork, Cynthia and Roth, Aaron and others},
  journal={Foundations and Trends{\textregistered} in Theoretical Computer Science},
  volume={9},
  number={3--4},
  pages={211--407},
  year={2014},
  publisher={Now Publishers, Inc.}
}

@article{chaudhuri2011differentially,
  title={Differentially private empirical risk minimization},
  author={Chaudhuri, Kamalika and Monteleoni, Claire and Sarwate, Anand D},
  journal={Journal of Machine Learning Research},
  volume={12},
  number={Mar},
  pages={1069--1109},
  year={2011}
}

%% ----------------------------- %%
%%           Chapter 5           %%
%% ----------------------------- %%

@misc{iimedia2019report,
   author={艾媒报告},
   title={2019年中国移动应用商店行业的现状与发展趋势},
   url={https://www.iimedia.cn/c1020/65302.html},
   year={2019},
   month={07},
}

@article{jang2016andro,
  title={Andro-dumpsys: anti-malware system based on the similarity of malware creator and malware centric information},
  author={Jang, Jae-wook and Kang, Hyunjae and Woo, Jiyoung and Mohaisen, Aziz and Kim, Huy Kang},
  journal={computers \& security},
  volume={58},
  pages={125--138},
  year={2016},
  publisher={Elsevier}
}

@inproceedings{wijesekera2015android,
  title={Android permissions remystified: A field study on contextual integrity},
  author={Wijesekera, Primal and Baokar, Arjun and Hosseini, Ashkan and Egelman, Serge and Wagner, David and Beznosov, Konstantin},
  booktitle={24th $\{$USENIX$\}$ Security Symposium ($\{$USENIX$\}$ Security 15)},
  pages={499--514},
  year={2015}
}
